<?xml version="1.0" encoding="UTF-8"?><collection xmlns="http://www.loc.gov/MARC21/slim"><record><leader>00459nam--2200169-i-4500</leader><controlfield tag="001">000043023</controlfield><controlfield tag="002">20161230</controlfield><controlfield tag="005">20161230201043</controlfield><controlfield tag="008">060222s1000------------r-----000-0-eng-d</controlfield><datafield ind1=" " ind2=" " tag="040"><subfield code="a">IFIN-HH</subfield></datafield><datafield ind1=" " ind2=" " tag="080"><subfield code="a">523.164</subfield></datafield><datafield ind1="1" ind2=" " tag="100"><subfield code="a">Stokley,James</subfield></datafield><datafield ind1="1" ind2="0" tag="245"><subfield code="a">Atoms to galaxies. an introdiction to modern astronomy</subfield><subfield code="c">James stokley</subfield></datafield><datafield ind1=" " ind2=" " tag="260"><subfield code="a">New York</subfield><subfield code="b">Ronald Press Company</subfield><subfield code="c">1961</subfield></datafield><datafield ind1=" " ind2=" " tag="300"><subfield code="a">VII + 360 P</subfield></datafield><datafield ind1=" " ind2=" " tag="852"><subfield code="a">16742</subfield><subfield code="c">523</subfield></datafield><datafield ind1=" " ind2=" " tag="CAT"><subfield code="a">Sys</subfield><subfield code="c">20130828</subfield><subfield code="h">133540</subfield></datafield></record></collection>